@article{Tanenbaum1,
    author  = "Andrew S. Tanenbaum",
    title   = "The {M}odern {O}perating {S}ystems",
    year    = "2014",
    journal = "Prentice Hall Press",
    volume = "4"
}